@book{cormen,
  title={Introduction to Algorithms},
  author={Cormen, T.H.},
  isbn={9780262033848},
  lccn={2009008593},
  url={https://books.google.co.ve/books?id=i-bUBQAAQBAJ},
  year={2009},
  publisher={MIT Press}
}
